<record xmlns="http://www.loc.gov/MARC21/slim" xmlns:xsi="http://www.w3.org/2001/XMLSchema-instance" xsi:schemaLocation="http://www.loc.gov/MARC21/slim http://www.loc.gov/standards/marcxml/schema/MARC21slim.xsd">

  <leader>00716nam a2200157Ia 4500</leader>
  <datafield ind1=" " tag="999" ind2=" ">
    <subfield code="c">1509</subfield>
    <subfield code="d">1509</subfield>
  </datafield>
  <controlfield tag="008">180219b2010    cr ||||| |||| 00| | spa d</controlfield>
  <datafield ind2=" " ind1=" " tag="090">
    <subfield code="a">06.02.01 </subfield>
    <subfield code="b">2001</subfield>
  </datafield>
  <datafield ind1="1" tag="100" ind2=" ">
    <subfield code="a">Córdoba Mata, Disley</subfield>
    <subfield code="9">3351</subfield>
  </datafield>
  <datafield tag="245" ind1="1" ind2="0">
    <subfield code="a">Plan de los 200 días lectivos del Ministerio de Educación Pública de Costa Rica : el proyecto pedagógico comunal desde el centro educativo / </subfield>
    <subfield code="c">Disley Córdoba Mata; Marianela González Zúñiga; Marilyn Sánchez Fallas; Yensi Vargas Sandoval</subfield>
  </datafield>
  <datafield ind2=" " tag="260" ind1=" ">
    <subfield code="a">San José, Costa Rica : </subfield>
    <subfield code="b">INIE. MEP. Instituto de Desarrollo Profesional Uladislao Gámez Solano, </subfield>
    <subfield code="c">2010</subfield>
  </datafield>
  <datafield ind2=" " ind1=" " tag="300">
    <subfield code="a"> 200 páginas</subfield>
  </datafield>
  <datafield ind1="1" tag="650" ind2="4">
    <subfield code="a">CAPACITACIÓN</subfield>
    <subfield code="9">729</subfield>
  </datafield>
  <datafield ind2="4" tag="650" ind1="1">
    <subfield code="a">DOCENTES</subfield>
    <subfield code="9">331</subfield>
  </datafield>
  <datafield ind1="1" tag="700" ind2=" ">
    <subfield code="a">González Zúñiga, Marianela</subfield>
    <subfield code="9">110</subfield>
  </datafield>
  <datafield tag="700" ind1="1" ind2=" ">
    <subfield code="a">Sánchez Fallas, Marilyn</subfield>
    <subfield code="9">745</subfield>
  </datafield>
  <datafield ind1="1" tag="700" ind2=" ">
    <subfield code="a">Vargas Sandoval, Yensi</subfield>
    <subfield code="9">746</subfield>
  </datafield>
  <datafield ind2=" " ind1=" " tag="942">
    <subfield code="2">z</subfield>
    <subfield code="c">04</subfield>
  </datafield>
</record>